@article{smith1985filamentous,
  title={Filamentous fusion phage: novel expression vectors that display cloned antigens on the virion surface},
  author={Smith, George P},
  journal={Science},
  volume={228},
  pages={1315--1318},
  year={1985},
  publisher={American Association for the Advancement of Science}
}